{
  "leader": "02505cam a2200433Ii 4500",
  "fields": [
    {
      "001": "ocm00290276\\"
    },
    {
      "003": "OCoLC"
    },
    {
      "005": "20220104111514.0"
    },
    {
      "008": "720421s1939\\\\\\\\nyuc\\\\\\\\\\\\\\\\\\\\000\\0aeng\\\\"
    },
    {
      "010": {
        "ind1": "\\",
        "ind2": "\\",
        "subfields": [
          {
            "a": "   39027284 "
          }
        ]
      }
    },
    {
      "040": {
        "ind1": "\\",
        "ind2": "\\",
        "subfields": [
          {
            "a": "DLC"
          },
          {
            "b": "eng"
          },
          {
            "e": "rda"
          },
          {
            "c": "WSU"
          },
          {
            "d": "SER"
          },
          {
            "d": "XBM"
          },
          {
            "d": "OCLCQ"
          },
          {
            "d": "OCLCG"
          },
          {
            "d": "WY@"
          },
          {
            "d": "EEK"
          },
          {
            "d": "OCLCQ"
          },
          {
            "d": "QT5"
          },
          {
            "d": "VOV"
          },
          {
            "d": "ZDG"
          },
          {
            "d": "UKMGB"
          },
          {
            "d": "OCLCF"
          },
          {
            "d": "SWW"
          },
          {
            "d": "NLC"
          },
          {
            "d": "OCLCQ"
          },
          {
            "d": "ONB"
          },
          {
            "d": "ZFT"
          },
          {
            "d": "LSD"
          },
          {
            "d": "CNUTO"
          },
          {
            "d": "SNN"
          },
          {
            "d": "OCLCQ"
          },
          {
            "d": "OCL"
          },
          {
            "d": "PHA"
          },
          {
            "d": "OCLCO"
          },
          {
            "d": "CNTRU"
          },
          {
            "d": "CEF"
          },
          {
            "d": "ADU"
          }
        ]
      }
    },
    {
      "016": {
        "ind1": "7",
        "ind2": "\\",
        "subfields": [
          {
            "a": "011515838"
          },
          {
            "2": "Uk"
          }
        ]
      }
    },
    {
      "016": {
        "ind1": "\\",
        "ind2": "\\",
        "subfields": [
          {
            "a": "(AMICUS)000006239703"
          }
        ]
      }
    },
    {
      "019": {
        "ind1": "\\",
        "ind2": "\\",
        "subfields": [
          {
            "a": "247222274"
          },
          {
            "a": "530651309"
          },
          {
            "a": "890497583"
          },
          {
            "a": "977184183"
          },
          {
            "a": "1011916911"
          },
          {
            "a": "1044026232"
          },
          {
            "a": "1056271918"
          },
          {
            "a": "1097281262"
          }
        ]
      }
    },
    {
      "020": {
        "ind1": "\\",
        "ind2": "\\",
        "subfields": [
          {
            "a": "0892010134"
          }
        ]
      }
    },
    {
      "020": {
        "ind1": "\\",
        "ind2": "\\",
        "subfields": [
          {
            "a": "9780892010134"
          }
        ]
      }
    },
    {
      "035": {
        "ind1": "\\",
        "ind2": "\\",
        "subfields": [
          {
            "a": "(OCoLC)290276"
          },
          {
            "z": "(OCoLC)247222274"
          },
          {
            "z": "(OCoLC)530651309"
          },
          {
            "z": "(OCoLC)890497583"
          },
          {
            "z": "(OCoLC)977184183"
          },
          {
            "z": "(OCoLC)1011916911"
          },
          {
            "z": "(OCoLC)1044026232"
          },
          {
            "z": "(OCoLC)1056271918"
          },
          {
            "z": "(OCoLC)1097281262"
          }
        ]
      }
    },
    {
      "050": {
        "ind1": "0",
        "ind2": "0",
        "subfields": [
          {
            "a": "PS3539.A58"
          },
          {
            "b": "Z5 1939"
          }
        ]
      }
    },
    {
      "055": {
        "ind1": "\\",
        "ind2": "0",
        "subfields": [
          {
            "a": "PS3539.A58Z5 1939"
          }
        ]
      }
    },
    {
      "082": {
        "ind1": "0",
        "ind2": "4",
        "subfields": [
          {
            "a": "070.924"
          },
          {
            "b": "TAR"
          }
        ]
      }
    },
    {
      "100": {
        "ind1": "1",
        "ind2": "\\",
        "subfields": [
          {
            "a": "Tarbell, Ida M."
          },
          {
            "q": "(Ida Minerva),"
          },
          {
            "d": "1857-1944,"
          },
          {
            "e": "author."
          }
        ]
      }
    },
    {
      "245": {
        "ind1": "1",
        "ind2": "0",
        "subfields": [
          {
            "a": "All in the day's work :"
          },
          {
            "b": "an autobiography /"
          },
          {
            "c": "by Ida M. Tarbell."
          }
        ]
      }
    },
    {
      "264": {
        "ind1": "\\",
        "ind2": "1",
        "subfields": [
          {
            "a": "New York, NY :"
          },
          {
            "b": "The Macmillan Co.,"
          },
          {
            "c": "1939."
          }
        ]
      }
    },
    {
      "300": {
        "ind1": "\\",
        "ind2": "\\",
        "subfields": [
          {
            "a": "6 preliminary leaves, 412 pages :"
          },
          {
            "b": "frontispiece, portraits ;"
          },
          {
            "c": "24 cm"
          }
        ]
      }
    },
    {
      "336": {
        "ind1": "\\",
        "ind2": "\\",
        "subfields": [
          {
            "a": "text"
          },
          {
            "b": "txt"
          },
          {
            "2": "rdacontent"
          }
        ]
      }
    },
    {
      "336": {
        "ind1": "\\",
        "ind2": "\\",
        "subfields": [
          {
            "a": "still image"
          },
          {
            "b": "sti"
          },
          {
            "2": "rdacontent"
          }
        ]
      }
    },
    {
      "337": {
        "ind1": "\\",
        "ind2": "\\",
        "subfields": [
          {
            "a": "unmediated"
          },
          {
            "b": "n"
          },
          {
            "2": "rdamedia"
          }
        ]
      }
    },
    {
      "338": {
        "ind1": "\\",
        "ind2": "\\",
        "subfields": [
          {
            "a": "volume"
          },
          {
            "b": "nc"
          },
          {
            "2": "rdacarrier"
          }
        ]
      }
    },
    {
      "500": {
        "ind1": "\\",
        "ind2": "\\",
        "subfields": [
          {
            "a": "\"First printing.\""
          }
        ]
      }
    },
    {
      "530": {
        "ind1": "\\",
        "ind2": "\\",
        "subfields": [
          {
            "a": "Also issued online."
          }
        ]
      }
    },
    {
      "505": {
        "ind1": "0",
        "ind2": "\\",
        "subfields": [
          {
            "a": "My start in life -- I decide to be a biologist -- A coeducational college of the eighties -- A start and a retreat -- A fresh start, a second retreat -- I fall in love -- A first book, on nothing certain a year -- The Napoleon movement of the nineties -- Good-bye to France -- Rediscovering my country -- A captain of industry seeks my acquaintance -- Muckraker or historian? -- Off with the old, on with the new -- The golden rule in industry -- A new profession -- Women and war -- After the Armistace -- Gambling with security -- Looking over the country -- Nothing new under the sun."
          }
        ]
      }
    },
    {
      "504": {
        "ind1": "\\",
        "ind2": "\\",
        "subfields": [
          {
            "a": "Includes index."
          }
        ]
      }
    },
    {
      "600": {
        "ind1": "1",
        "ind2": "0",
        "subfields": [
          {
            "a": "Tarbell, Ida M."
          },
          {
            "q": "(Ida Minerva),"
          },
          {
            "d": "1857-1944."
          }
        ]
      }
    },
    {
      "600": {
        "ind1": "1",
        "ind2": "7",
        "subfields": [
          {
            "a": "Tarbell, Ida M."
          },
          {
            "q": "(Ida Minerva),"
          },
          {
            "d": "1857-1944."
          },
          {
            "2": "fast"
          },
          {
            "0": "(OCoLC)fst00002473"
          }
        ]
      }
    },
    {
      "655": {
        "ind1": "\\",
        "ind2": "7",
        "subfields": [
          {
            "a": "Biographies."
          },
          {
            "2": "fast"
          },
          {
            "0": "(OCoLC)fst01919896"
          }
        ]
      }
    },
    {
      "776": {
        "ind1": "0",
        "ind2": "8",
        "subfields": [
          {
            "i": "Online version:"
          },
          {
            "a": "Tarbell, Ida M. (Ida Minerva), 1857-1944."
          },
          {
            "t": "All in the day's work."
          },
          {
            "d": "New York, The Macmillan Co., 1939"
          },
          {
            "w": "(OCoLC)591113737"
          }
        ]
      }
    },
    {
      "994": {
        "ind1": "\\",
        "ind2": "\\",
        "subfields": [
          {
            "a": "Z0"
          },
          {
            "b": "NYRVC"
          }
        ]
      }
    },
    {
      "948": {
        "ind1": "\\",
        "ind2": "\\",
        "subfields": [
          {
            "h": "NO HOLDINGS IN NYRVC - 654 OTHER HOLDINGS"
          }
        ]
      }
    },
    {
      "999": {
        "ind1": "\\",
        "ind2": "\\",
        "subfields": [
          {
            "a": "00000000016572"
          }
        ]
      }
    }
  ]
}